@BOOK{videoaula,
  title = {AULA 20 de 42 - TRÊS TIPOS LÓGICOS DE PESQUISA},
  publisher = {Gilson Volpato},
  year = {2013},
  note = {Disponível em: <https://www.youtube.com/watch?v=XoTQo7fUf0s>. Acesso em: 28 de abril. 2025}
 }

@BOOK{manualpuc,
  organization = {Pontif\'icia Universidade Cat\'olica de Minas Gerais},
  title = {  Padrão  PUC Minas de Normalizaç\~ao},
  subtitle = {normas da \uppercase{ABNT} para apresentaç\~ao de teses, dissertaç\~oes,  monografias   e  trabalhos acad\^emicos},
  edition = {9},
  address = {rev. ampl. atual. Belo Horizonte},
  publisher = {PUC Minas},
  year = {2012},
  note = {Disponível em: <http://www.pucminas.br/biblioteca/>. Acesso em: 6 de set. 2013}
 }
 
 
  @BOOK{artigo01,
   title = {Metodologia da pesquisa científica: organização estrutural e os desafios para redigir o trabalho de conclusão.},
   publisher = {Revista Diálogos Acadêmicos},
   year = {2015},
   author = {PRAÇA, Fabíola Silva Garcia},
 }

@BOOK{artigo02,
   title = {Metodologia científica: um manual para a realização de pesquisas em Administração},
   publisher = {Catalão: UFG},
   school={UFG},
   year = {2011},
   author = {OLIVEIRA, Maxwell Ferreira de.},
 }

  @BOOK{artigo03,
   title = {Métodos de pesquisa.},
   publisher = {Editora da UFRGS},
   year = {2009},
   school={UFRGS},
   author = {GERHARDT, Tatiana Engel; SILVEIRA, Denise Tolfo},
 }
 

 
 
 
 